
@inproceedings{merono2014linked,
  title={What is linked historical data?},
  author={Mero{\~n}o-Pe{\~n}uela, Albert and Hoekstra, Rinke},
  booktitle={International Conference on Knowledge Engineering and Knowledge Management},
  pages={282--287},
  year={2014},
  organization={Springer}
}

@book{neuroth2012langzeit,
    author={Neuroth, Heike and Strathmann, Stefan and O{\ss}wald, Achim and Klump, Jens and Ludwig, Jens},
  title = "Langzeitarchivierung von Forschungsdaten. Eine Bestandsaufnahme",
  publisher = "Hülsbusch",
  year = "2012"
}

@misc{stigler2017gams,
  title={GAMS and Cirilo Client. Policies, documentation and tutorial},
  author={Stigler, Johannes and Steiner, Elisabeth},
  year={2014--2017},
  publisher={Graz}
}


@article{wettlaufer2015semantic,
  title={Semantic Blumenbach: Exploration of Text--Object Relationships with Semantic Web Technology in the History of Science},
  author={Wettlaufer, J{\"o}rg and Johnson, Christopher and Scholz, Martin and Fichtner, Mark and Thotempudi, Sree Ganesh},
  journal={Digital Scholarship in the Humanities},
  volume={30},
  number={suppl\_1},
  pages={i187--i198},
  year={2015},
  publisher={Oxford University Press}
}


@incollection{thaller1989need,
  title={The Need of a Theory of Historical Computing},
  author={Thaller, Manfred},
  booktitle={History and computing II},
  editor ={Denley, Peter and Fogelvik, Stefan},
  volume={2},
  number={7},
  publisher={Manchester},
  year={1989},
  pages = {2-12}
}


@incollection{SAHLE_Begriff,
  author = "Patrick SAHLE", 
  title = " Digitales Archiv - Digitale Edition, Anmerkungen zur Begriffsklärung",
  editor = "Michael Stolz and Lucas Marco Gisi and Jan Loop",
  booktitle = "Literatur und Literaturwissenschaft auf dem Weg zu den neuen Medien",
  address     = "Bern",
  YEAR = "2005",
  pages = "64-85",
}

@incollection{KROPAC,
  author = "Ingo H. KROPAČ and  Heidrun BOSHOF", 
  title = "Digitale Edition eines umfangreichen Quellenkorpus,
Vorgehensweise und Probleme bei der Aufbereitung, der Strukturierung und Kategorisierung des
Quellenmaterials",
 booktitle = "Geschichte und Informatik 11, Datenbankprojekte in der Geschichtswissenschaft",
  address     = "Graz",
  YEAR = "2000",
  pages = "93-112"
}


@incollection{NESTOR,
  author = "Hans LIEGMANN and Heike NEUROTH", 
  title = "Einführung",
  booktitle =  "nestor Handbuch. Eine Enzyklopädie der digitalen Langzeitarchivierung",
  address     = "Göttingen",
  YEAR = "2010",
  pages = "19-29"
}


@incollection{vogeler2016content,
  title={The Content of Accounts and Registers in their Digital Edition. XML/TEI, Spreadsheets, and Semantic Web Technologies},
  author={Vogeler, Georg and Jahnke, Carsten and Gleba, Gudrun and Cordes, Albrecht and Franzke, Cordula A and Laczny, Joachim and W{\"u}rz, Simone},
  year={2016},
booktitle ={Konzeptionelle Überlegungen zur Edition von Rechnungen und Amtsbüchern des späten Mittelalters},
editor={Jürgen Sarnowsky},
publisher={Göttingen},
pages={S.13-41}
}


@book{sahle2013digitale,
  title={Digitale Editionsformen: Textbegriffe und Recodierung},
  author={Sahle, Patrick},
  volume={3},
  year={2013},
  publisher={BoD--Books on Demand}
}

@article{tomasek2013encoding,
  title={Encoding financial records for historical research},
  author={Tomasek, Kathryn and Bauman, Syd},
  journal={Journal of the Text Encoding Initiative},
  number={6},
  year={2013},
  publisher={Text Encoding Initiative Consortium}
}





