@article{thaller2017historical,
  title={Historical Information Science: Is there such a Thing? New Comments on an old Idea [1993]},
  author={Thaller, Manfred},
  journal={Historical Social Research/Historische Sozialforschung. Supplement},
  pages={260--286},
  year={2017},
  publisher={JSTOR}
}

@article{hoffmann1990ehepaare,
  title={Ehepaare, Eheverl{\"a}ufe und Lebenslauf in Leipzig 1580-1730 KLEIO-Anwendung in einem historischen Forschungsprojekt},
  author={Hoffmann, Barbara and Horn, Klaus},
  journal={Historical Social Research/Historische Sozialforschung},
  volume={15},
  number={3 (55},
  pages={171--198},
  year={1990},
  publisher={JSTOR}
}

@article{chen1976entity,
  title={The entity-relationship model—toward a unified view of data},
  author={Chen, Peter Pin-Shan},
  journal={ACM Transactions on Database Systems (TODS)},
  volume={1},
  number={1},
  pages={9--36},
  year={1976},
  publisher={Acm}
}

@book{rumbaugh2004unified,
  title={Unified modeling language reference manual, the},
  author={Rumbaugh, James and Jacobson, Ivar and Booch, Grady},
  year={2004},
  publisher={Pearson Higher Education}
}

@misc{wellmer1979georg,
  title={Georg Henrik von Wright {\"ü}ber ''Erkl{\"a}rem'' und ''Verstehen''},
  author={Wellmer, Albrecht},
  year={1979},
  url={https://www.jstor.org/stable/42571419},
  publisher={JSTOR}
}

@book{nussel2018offenbarung,
  title={Offenbarung als Geschichte: Implikationen und Konsequenzen eines theologischen Programms},
  author={N{\"u}ssel, Friederike and Arneth, Martin and Dietz, Walter and Korsch, Dietrich and Oehl, Thomas and Th{\"o}nissen, Wolfgang and Zelger, Manuel and Zigriadis, Georgios},
  year={2018},
  publisher={Vandenhoeck \& Ruprecht}
}

@article{stertzer2014working,
  title={Working with the Financial Records of George Washington: Document vs. Data},
  author={Stertzer, Jennifer},
  journal={Digital Studies/le Champ Num{\'e}rique},
  year={2014},
  publisher={Open Library of Humanities},
  url={http://doi.org/10.16995/dscn.57}
}

@article{brumfield2015medea,
  title={Encoding  Account  Books  Relating  to  Slavery  in the U.S},
  author={Brumfield, Ben and Agbe-Davies, Anna},
  journal={Modeling semantically Enriched Digital Edition of Accounts
},
  year={2015},
  url={https://medea.hypotheses.org/182}
}

@article{brumfield2019blog,
  title={The Stagville Accounts in DEPCHA: Plantation Financial Records as Linked Data},
  author={Brumfield, Ben},
  journal={From the Page},
  year={2019},
  url={https://content.fromthepage.com/stagville-accounts-in-depcha/}
}

@incollection{sahle2003edition,
 title={Vom editorischen Fachwissen zur digitalen Edition: Der Editionsprozeß zwischen Quellenbeschreibung und Benutzeroberfläche},
 author={Sahle, Patrick},
  booktitle={FUNDUS - Forum für Geschichte und ihre Quellen},
  editor={Thaller, Manfred},
  year={2003},
  publisher={Universität Köln},
  pages={76--102},
  url ={http://webdoc.sub.gwdg.de/edoc/p/fundus/2/sahle.pdf}
}

@inproceedings{horrocks2005semantic,
  title={Semantic web architecture: Stack or two towers?},
  author={Horrocks, Ian and Parsia, Bijan and Patel-Schneider, Peter and Hendler, James},
  booktitle={International Workshop on Principles and Practice of Semantic Web Reasoning},
  pages={37--41},
  year={2005},
  organization={Springer}
}

@article{brickley2014rdf,
  title={RDF Schema 1.1},
  author={Brickley, Dan and Guha, Ramanathan V and McBride, Brian},
  journal={W3C recommendation},
  volume={25},
  pages={2004--2014},
  year={2014},
  publisher={W3C}
}



@article{bernstein2016new,
  title={A new look at the semantic web},
  author={Bernstein, Abraham and Hendler, James and Noy, Natasha},
  journal={Communications of the ACM},
  volume={59},
  number={9},
  pages={1--5},
  year={2016},
  publisher={Association for Computing Machinery}
}


@phdthesis{ScholgerMartina2018AadS,
title = {Assoziationsprozessen auf der Spur : digitale Edition der Notizbücher von Hartmut Skerbisch},
language = {ger},
author = {Scholger, Martina},
year={2018},
school={Universität Graz}
}

@incollection{neuwohner2016rechnen,
 title={Haushalt und Finanzen im Spiegel kommunaler Rechnungen: die Stadt Paderborn im 17. Jahrhundert},
 author={Neuwöhner, Andreas},
  booktitle={Mittelalterliche und frühneuzeitliche Rechnungen als Quellen der landesgeschichtlichen Forschung},
  editor={Pätzold, Stefan and Stumpf, Marcus},
  year={2016},
  publisher={M{\"u}nster},
  pages={11--50},
}

@article{schroder1988historische,
  title={Historische Sozialforschung: Forschungsstrategie-Infrastruktur-Auswahlbibliographie},
  author={Schr{\"o}der, Wilhelm Heinz},
  journal={Historical Social Research, Supplement},
  number={1},
  year={1988},
  publisher={DEU}
}

@book{latour1999pandora,
  title={Pandora's hope: essays on the reality of science studies},
  author={Latour, Bruno and others},
  year={1999},
  publisher={Harvard university press}
}

@article{jager2000theoretische,
  title={Theoretische und methodische Aspekte einer kritischen Diskurs-und Dispositivanalyse},
  author={J{\"a}ger, Siegfried},
  journal={Handbuch Sozialwissenschaftliche Diskursanalyse},
  volume={1},
  pages={83--114},
  year={2000}
}

@book{chalmers2007wege,
  title={Wege der Wissenschaft: Einf{\"u}hrung in die Wissenschaftstheorie},
  author={Chalmers, Alan F},
  year={2007},
  publisher={Springer-Verlag}
}

@article{frommergrundbegriffe,
  title={Grundbegriffe aus Theorie, Methode und Wissenschaftsgeschichte},
  author={Frommer, S{\"o}ren},
 URL={http://www.historische-archaeologie.de/downloads/grundbegriffe.pdf}
}

@incollection{gleba2016rechnen,
 title={Rechnen. Wirtschaften. Aufschreiben. Vernetzte Schriftlichkeit – Wirtschafts- und Rechnungsbücher als Quellen klösterlicher Alltagsgeschichte},
 author={Gleba, Gudrun},
  booktitle={Mittelalterliche und frühneuzeitliche Rechnungen als Quellen der landesgeschichtlichen Forschung},
  editor={Pätzold, Stefan and Stumpf, Marcus},
  year={2016},
  publisher={M{\"u}nster},
  pages={51--65},
}

@book{ficara2015hermeneutik,
  title={Texte zur Hermeneutik. Von Plato bis heute},
  author={Ficara, Elena},
  year={2015},
  publisher={Reclam}
}

@book{ziegler1981Staatshaushalt,
  title={Studien zum Staatshaushalt Bayerns in der zweiten Hälfte des 15. Jahrhunderts. Die regulären Kammereinkünfte Niederbayerns 1450-1500},
  author={Ziegler, Walter},
  year={1981},
  publisher={München}
}

@incollection{wurz2016dh,
 title={Methoden der Digital Humanities in der Bearbeitung und Erforschung mittelalterlicher Rechnungsbücher. Möglichkeiten und Grenzen am Beispiel der digitalen Edition der Augsburger Stadtrechnungsbücher},
 author={W{\"u}rz, Simone},
  booktitle={Mittelalterliche und frühneuzeitliche Rechnungen als Quellen der landesgeschichtlichen Forschung},
  editor={Pätzold, Stefan and Stumpf, Marcus},
  year={2016},
  publisher={M{\"u}nster},
  pages={101--113},
}

@incollection{gleba2015einleitung,
 title={Zur Einleitung},
 author={Gleba, Gudrun and Petersen, Niels},
  booktitle={Wirtschafts-und Rechnungsb{\"u}cher des Mittelalters und der Fr{\"u}hen Neuzeit-Formen und Methoden der Rechnungslegung: St{\"a}dte, Kl{\"o}ster und Kaufleute},
  editor={Gleba, Gudrun and Petersen, Niels},
  year={2015},
  publisher={Universit{\"a}tsverlag G{\"o}ttingen},
  pages={7--11},
}

@book{gleba2015wirtschafts,
  title={Wirtschafts-und Rechnungsb{\"u}cher des Mittelalters und der Fr{\"u}hen Neuzeit-Formen und Methoden der Rechnungslegung: St{\"a}dte, Kl{\"o}ster und Kaufleute},
  author={Gleba, Gudrun and Petersen, Niels},
  year={2015},
  publisher={Universit{\"a}tsverlag G{\"o}ttingen}
}

@book{jordan2018theorien,
  title={Theorien und Methoden der Geschichtswissenschaft},
  author={Jordan, Stefan},
  year={2018},
  edition = {4., aktualisierte Auflage.},
  publisher={UTB GmbH}
}

@phdthesis{fohr2017historische,
  title={Historische Quellenkritik im Digitalen Zeitalter},
  author={F{\"o}hr, Pascal},
  year={2017},
  school={Universität Basel}
}

@phdthesis{wintergrun2019netzwerkanalysen,
  title={Netzwerkanalysen und semantische Datenmodellierung als heuristische Instrumente f{\"u}r die historische Forschung},
  author={Wintergr{\"u}n, Dirk},
  school={Friedrich-Alexander-Universität Erlangen-Nürnberg},
  year={2019}
}

@book{graham2015exploring,
  title={Exploring big historical data: The historian's macroscope},
  author={Graham, Shawn and Milligan, Ian and Weingart, Scott},
  year={2015},
  publisher={World Scientific Publishing Company}
}

@article{robson1992accounting,
  title={Accounting numbers as “inscription”: Action at a distance and the development of accounting},
  author={Robson, Keith},
  journal={Accounting, Organizations and Society},
  volume={17},
  number={7},
  pages={685--708},
  year={1992},
  publisher={Elsevier}
}

@article{becker1955historical,
  title={What are historical facts?},
  author={Becker, Carl L},
  journal={Western Political Quarterly},
  volume={8},
  number={3},
  pages={327--340},
  year={1955},
  publisher={California}
}


@article{piotrowski2016digital,
  title={Digital Humanities},
  author={Piotrowski, Michael},
  journal={Computational Linguistics, and Natural Language Processing. Lectures on Language Technology and History},
  year={2016}
}

@incollection{munzner2008process,
  title={Process and pitfalls in writing information visualization research papers},
  author={Munzner, Tamara},
  booktitle={Information visualization},
  pages={S.134--153},
  year={2008},
  publisher={Springer}
}

@article{frank2018visualisierungswerkzeuge,
  title={Visualisierungswerkzeuge zur Erkl{\"a}rung historischer Ereignisse: geschichtstheoretische Anforderungsanalyse und zeichentheoretisches Rahmenwerk},
  author={Frank, Ingo},
  journal={INF-DH-2018},
  year={2018},
  publisher={Gesellschaft f{\"u}r Informatik eV}
}

@incollection{kocka1982theorien,
  title={Theorien in der Geschichtswissenschaft},
  author={Kocka, J{\"u}rgen},
  booktitle={Theoriedebatte und Geschichtsunterricht: Sozialgeschichte, Paradigmawechsel und Geschichtsdidaktik in der aktuellen Diskussion. Vortr{\"a}ge auf der Jahrestagung des Landesverbandes nordrhein-westf{\"a}lischer Geschichtslehrer am 23. November 1981 in Essen},
  pages={S.7--27},
  year={1982},
  publisher={Paderborn: Sch{\"o}ningh}
}

@inbook{borowsky2005deutsche,
  title={Deutsche Geschichtswissenschaft seit der Aufkl{\"a}rung},
  author={Borowsky, Peter and Hering, Rainer and Nicolaysen, Rainer},
  booktitle={Schlaglichter historischer Forschung Studien zur deutschen Geschichte im 19. und 20. Jahrhundert},
  year={2005},
  pages={S.13--61},
  publisher={Hamburg University Press}
}

@article{vogeler2019assertive,
  title={The 'assertive edition'},
  author={Vogeler, Georg},
  journal={International Journal of Digital Humanities},
  pages={1--14},
  year={2019},
  publisher={Springer}
}

@book{vasold1996itinerar,
  title={Das Itinerar Erzbischof Konrads IV. von Salzburg: 1291-1312; computergest{\"u}tzte Itinerarerstellung und Itineraranalyse},
  author={Vasold, Gunter},
  year={1996},
  publisher={Selbstverl. d. Inst. f{\"u}r Geschichte d. Karl-Franzens-Univ. Graz}
}

@article{vasold2015allerunderthenigsten,
  title={Vom „Allerunderthenigsten Anruffen “zum analytischen Abrufen Ein Werkzeug zur kooperativen Erfassung, Verwaltung und Analyse von Untertanensuppliken},
  author={Vasold, Gunter},
  journal={Beitr{\"a}ge zur Rechtsgeschichte {\"O}sterreichs},
  volume={2},
  pages={S.231--244},
  year={2015},
  publisher={Verlag der {\"O}sterreichischen Akademie der Wissenschaften}
}

@article{mcCreary2019graph,
  title={Knowledge Graphs: The Third Era of Computing},
  author={McCreary, Dan},
  url={https://medium.com/@dmccreary/knowledge-graphs-the-third-era-of-computing-a8106f343450},
  year={2019}
}

@book{burdick2012digital_humanities,
  title={Digital\_Humanities},
  author={Burdick, Anne and Drucker, Johanna and Lunenfeld, Peter and Presner, Todd and Schnapp, Jeffrey},
  year={2012},
  publisher={Mit Press}
}

@article{magerski2009schreibt,
  title={Wie schreibt man Geschichte?},
  author={Magerski, Christine and others},
  journal={Zagreber Germanistische Beitr{\"a}ge},
  number={18},
  pages={S.3--19},
  year={2009},
  publisher={Odsjek za germanistiku-Filozofski fakultet Sveu{\v{c}}ili{\v{s}}ta u Zagrebu}
}

@book{von2007werkzeug,
  title={Werkzeug des Historikers: eine Einf{\"u}hrung in die historischen Hilfswissenschaften},
  author={Von Brandt, Ahasver},
  volume={33},
  year={2007},
  publisher={W. Kohlhammer Verlag}
}

@book{clark1859history,
  title={A History of the Town of Norton, Bristol County, Massachusetts, from 1669-1859},
  author={Clark, George Faber},
  year={1859},
  publisher={Crosby, Nichols, and Company, and author at Norton}
}

@article{alexander2012should,
  title={Should liberal arts campuses do digital humanities? Process and products in the small college world},
  author={Alexander, Bryan and Davis, Rebecca Frost},
  journal={Debates in the digital humanities},
  pages={S.368--389},
  year={2012},
  publisher={U of Minnesota Press}
}

@misc{cole2015complete,
  title={A complete Dictionary of Dry Goods and History of Silk, Linen, Wool and other Fibrous Substances. 1892},
  author={Cole, George S},
  year={2015},
  publisher={Retrieved}
}

@article{schreiber2014rdf,
  title={RDF 1.1 Primer},
  author={Schreiber, Guus and Raimond, Yves},
  journal={W3C working group note},
  year={2014},
  publisher={World-Wide Web Consortium}
}

@book{jarausch1985quantitative,
  title={Quantitative Methoden in der Geschichtswissenschaft},
  author={Jarausch, Konrad Hugo and Arminger, Gerhard and Thaller, Manfred},
  year={1985},
  publisher={Wissenschaftliche Buchgesellschaft}
}

@article{tomasek2013encoding,
  title={Encoding financial records for historical research},
  author={Tomasek, Kathryn and Bauman, Syd},
  journal={Journal of the Text Encoding Initiative},
  number={6},
  year={2013},
  publisher={Text Encoding Initiative Consortium}
}

@article{meixner1994wissenschaft,
  title={Von der Wissenschaft der Ontologie},
  author={Meixner, Uwe},
  journal={Logos (neue Folge)},
  volume={1},
  pages={S.375--399},
  year={1994}
}

@article{musen2015protege,
  title={The prot{\'e}g{\'e} project: a look back and a look forward},
  author={Musen, Mark A},
  journal={AI matters},
  volume={1},
  number={4},
  pages={S.4--12},
  year={2015},
  publisher={ACM}
}

@article{dentler2011comparison,
  title={Comparison of reasoners for large ontologies in the OWL 2 EL profile},
  author={Dentler, Kathrin and Cornet, Ronald and Ten Teije, Annette and De Keizer, Nicolette},
  journal={Semantic Web},
  volume={2},
  number={2},
  pages={S.71--87},
  year={2011},
  publisher={IOS Press}
}

@book{GOETZ,
  AUTHOR       = "Hans-Werner GOETZ",
  TITLE        = "Proseminar Geschichte: Mittelalter",
  PUBLISHER    = "Eugen Ulmer",
  YEAR         = "2006",
  EDITION      = "3. Auflage"
}

@inproceedings{merono2014linked,
  title={What is linked historical data?},
  author={Mero{\~n}o-Pe{\~n}uela, Albert and Hoekstra, Rinke},
  booktitle={International Conference on Knowledge Engineering and Knowledge Management},
  pages={S.282--287},
  year={2014},
  organization={Springer}
}

@inproceedings{merono2014linked,
  title={What is linked historical data?},
  author={Mero{\~n}o-Pe{\~n}uela, Albert and Hoekstra, Rinke},
  booktitle={International Conference on Knowledge Engineering and Knowledge Management},
  pages={S.282--287},
  year={2014},
  organization={Springer}
}

@misc{brumfield2015encoding,
  author={Brumfield, Ben and Anna, Agbe-Davies},
  title = {Encoding Account Books Relating to Slavery in the U.S. South},
  howpublished = {https://medea.hypotheses.org/182},
  year={2015},
  note = {Accessed: 2019-03-20}
}

@book{neuroth2012langzeit,
    author={Neuroth, Heike and Strathmann, Stefan and O{\ss}wald, Achim and Klump, Jens and Ludwig, Jens},
  title = "Langzeitarchivierung von Forschungsdaten. Eine Bestandsaufnahme",
  publisher = "Hülsbusch",
  year = "2012"
}

@inproceedings{mann1979pladoyer,
  title={Pl{\"a}doyer f{\"u}r die historische Erz{\"a}hlung},
  author={Mann, Golo},
  booktitle={Theorie und Erz{\"a}hlung in der Geschichte},
  editor={Kocka, Jürgen and Nipperdey, Thomas}, 
  publisher={M{\"u}nchen},
  pages={S.40--56},
  year={1979} 
}

@book{KirnPaul2015EidG,
year = {2015},
title = {Einführung in die Geschichtswissenschaft},
author = {Kirn, Paul},
publisher={Berlin, Boston}
}

@article{sokollgrundlagen,
  title={Theorien und Methoden der Geschichtswissenschaft},
  author={Schmieder, Felicitas and Sokoll, Thomas},
  publisher={Hagen}
}


@misc{stigler2017gams,
  title={GAMS and Cirilo Client. Policies, documentation and tutorial},
  author={Stigler, Johannes and Steiner, Elisabeth},
  year={2014--2017},
  publisher={Graz}
}



@article{wettlaufer2015semantic,
  title={Semantic Blumenbach: Exploration of Text--Object Relationships with Semantic Web Technology in the History of Science},
  author={Wettlaufer, J{\"o}rg and Johnson, Christopher and Scholz, Martin and Fichtner, Mark and Thotempudi, Sree Ganesh},
  journal={Digital Scholarship in the Humanities},
  volume={30},
  number={suppl\_1},
  pages={S.i187--i198},
  year={2015},
  publisher={Oxford University Press}
}

@incollection{thaller1989need,
  title={The Need of a Theory of Historical Computing},
  author={Thaller, Manfred},
  booktitle={History and computing II},
  editor ={Denley, Peter and Fogelvik, Stefan},
  volume={2},
  number={7},
  publisher={Manchester},
  year={1989},
  pages = {2-12}
}

@inproceedings{pollin2017semantically,
  title={Semantically Enriched Historical Data. Drawing on the Example of the Digital Edition of the" Urfehdebucher der Stadt Basel".},
  author={Pollin, Christopher and Vogeler, Georg},
  booktitle={WHiSe@ ISWC},
  pages={S.27--32},
  year={2017}
}

@phdthesis{PerstlingMatthias2013MDuE,
year = {2013},
title = {Multimediale Dokumentation und Edition mehrschichtiger Texte : das steirisch-landesfürstliche Marchfutterurbar von 1414/1426},
author = {Perstling, Matthias}
}


@incollection{SAHLE_Begriff,
  author = "Patrick SAHLE", 
  title = " Digitales Archiv - Digitale Edition, Anmerkungen zur Begriffsklärung",
  editor = "Michael Stolz and Lucas Marco Gisi and Jan Loop",
  booktitle = "Literatur und Literaturwissenschaft auf dem Weg zu den neuen Medien",
  address     = "Bern",
  YEAR = "2005",
  pages = "64-85",
}

@incollection{KROPAC,
  author = "Ingo H. KROPAČ and  Heidrun BOSHOF", 
  title = "Digitale Edition eines umfangreichen Quellenkorpus,
Vorgehensweise und Probleme bei der Aufbereitung, der Strukturierung und Kategorisierung des
Quellenmaterials",
 booktitle = "Geschichte und Informatik 11, Datenbankprojekte in der Geschichtswissenschaft",
  address     = "Graz",
  YEAR = "2000",
  pages = "93-112"
}

@incollection{NESTOR,
  author = "Hans LIEGMANN and Heike NEUROTH", 
  title = "Einführung",
  booktitle =  "nestor Handbuch. Eine Enzyklopädie der digitalen Langzeitarchivierung",
  address     = "Göttingen",
  YEAR = "2010",
  pages = "19-29"
}

@article{demand2011philosophie,
  title={Philosophie der Geschichte von der Antike zur Gegenwart},
  author={Demandt, Alexander},
  year={2011},
  publisher={Köln, Weimar, Wien}
}

@article{brickley2014rdf,
  title={RDF Schema 1.1},
  author={Brickley, Dan and Guha, Ramanathan V and McBride, Brian},
  journal={W3C recommendation},
  volume={25},
  pages={S.2004--2014},
  year={2014},
  publisher={W3C}
}

@article{w3c2013sparql,
  title={SPARQL 1.1 Overview},
  author={W3C SPARQL working group and others},
   publisher={W3C},
  year={2013}
}

@book{ducharme2013learning,
  title={Learning SPARQL: querying and updating with SPARQL 1.1},
  author={DuCharme, Bob},
  year={2013},
  publisher={O'Reilly}
}

@book{schulz2010neuere,
  title={Einführung in das Studium der Neueren Geschichte},
  author={Opgenoorth, Ernst and Schulz, Günther},
  year={2010},
  publisher={Paderborn / München / Wien / Zürich}
}

@inbook{wolf1995qualitative,
  title={Qualitative versus quantitative Forschung},
  author={Wolf, Willi},
  booktitle={Bilanz qualitativer Forschung},
  editor={König, E. and zedler, P.},
  volume={Bd. I: Grundlagen qualitativer Forschung},
  pages={S.309--329},
  year={1995}, 
  publisher={Beltz}
}

@book{sahle2013digitale,
  title={Digitale Editionsformen: Textbegriffe und Recodierung},
  author={Sahle, Patrick},
  volume={3},
  year={2013},
  publisher={Books on Demand}
}

@book{kreutz2010recht,
 title={Recht im Mittelalter. Grundz{\"u}ge der {\"A}lteren europ{\"a}ischen Rechtsgeschichte-Ein Studienbuch [Einführung Rechtswissenschaft Band 10]},
  author={Karg, Andreas and Kreutz, Peter},
  year={2010},
  publisher={Berlin}
}

@book{blauert2000urfehdewesen,
  title={Das Urfehdewesen im deutschen S{\"u}dwesten im Sp{\"a}tmittelalter und in der Fr{\"u}hen Neuzeit},
  author={Blauert, Andreas},
  volume={7},
  year={2000},
  publisher={Bibliotheca Academica}
}


@book{boockmann1980urfehde,
  title={Urfehde und ewige Gefangenschaft im mittelalterlichen G{\"o}ttingen},
  author={Boockmann, Andrea},
  volume={13},
  year={1980},
  publisher={Vandenhoeck \& Ruprecht}
}


@phdthesis{engesser2003wilhelm,
  title={Wilhelm Tell zu Haft in Basel: der Stand des {\"o}rtlichen Gef{\"a}ngniswesens um die Mitte des 16. Jahrhunderts: untersucht anhand von Urfehdeprotokollen aus der Zeit von 1550 bis 1560},
  author={Engesser, Michael},
  year={2003}
}


@book{hagemann1987basler,
  title={Basler Rechtsleben im Mittelalter},
  author={Hagemann, Hans Rudolf},
  volume={2},
  year={1987},
  publisher={Helbing \& Lichtenhahn}
}





@book{linckels2011librarian,
  title={E-librarian service: user-friendly semantic search in digital libraries},
  author={Linckels, Serge and Meinel, Christoph},
  year={2011},
  publisher={Springer Science \& Business Media}
}

@incollection{weller2013InformationBand,
title={Ontologien},
author={Weller, Katrin},
editor={Kuhlen, Rainer and Semar, Wolfgang and Strauch, Dietmar},
booktitle={Grundlagen der praktischen Information und Dokumentation: Handbuch zur Einführung in die Informationswissenschaft und -praxis},
year={2013},
pages={S.S.207-218},
edition={6. Auflage},
publisher = {Berlin and Bosten}
}

@book{stuckenschmidt2009ontologien,
  title={Ontologien: Konzepte, Technologien und Anwendungen},
  author={Stuckenschmidt, Heiner},
  year={2009},
  publisher={Springer-Verlag}
}

@incollection{reichenberger2010grundlagen,
  title={Grundlagen semantischer Netze},
  author={Reichenberger, Klaus},
  booktitle={Kompendium semantische Netze},
  pages={S.3--19},
  year={2010},
  publisher={Springer}
}

@inproceedings{hoekstra2009ontology,
  title={Ontology RepresentationDesign Patterns and Ontologies that Make Sense},
  author={Hoekstra, Rinke},
  booktitle={Proceedings of the 2009 conference on Ontology Representation: Design Patterns and Ontologies that Make Sense},
  pages={S.1--236},
  year={2009},
  organization={Ios Press}
}


@article{joostbreukera2009flood,
  title={The flood, the channels and the dykes: Managing legal information in a globalized and digital world},
  author={Joost BREUKER, Pompeu CASANOVAS and KLEIN, MC and FRANCESCONI, Enrico},
  journal={Law, Ontologies and the Semantic Web: Channelling the Legal Information Flood},
  volume={188},
  pages={S.3},
  year={2009},
  publisher={IOS Press}
}


@article{borst1997construction,
  title={Construction of engineering ontologies for knowledge sharing and reuse},
  author={Borst, Willem Nico},
  year={1997}
}


@article{gruber1993translation,
  title={A translation approach to portable ontology specifications},
  author={Gruber, Thomas},
  journal={Knowledge acquisition},
  volume={5},
  number={2},
  pages={S.199--220},
  year={1993},
  publisher={Elsevier}
}

@article{shirky2005ontology,
  title={Ontology is overrated},
  author={Shirky, Clay},
  journal={Categories, Links and Tags},
  year={2005}
}



@book{favre2001information,
  title={Information und Zusammenhang: Informationsflu{\ss} in Prozessen der Wahrnehmung, des Denkens und der Kommunikation},
  author={Favre-Bulle, Bernard},
  year={2001},
  publisher={Springer}
}

@article{thaller2017ungefahre,
  title={Ungef{\"a}hre Exaktheit. Theoretische Grundlagen und praktische M{\"o}glichkeiten einer Formulierung historischer Quellen als Produkte ‚unscharfer ‘Systeme [1984]},
  author={Thaller, Manfred},
  journal={Historical Social Research/Historische Sozialforschung. Supplement},
  pages={S.138--159},
  year={2017},
  publisher={JSTOR}
}

@article{sure2003methodology,
  title={Methodology, tools \& case studies for ontology based knowledge management},
  author={Sure, York and Studer, Rudi},
  year={2003},
  publisher={Citeseer}
}

@techreport{berners2004uniform,
  title={Uniform resource identifier (URI): Generic syntax},
  author={Berners-Lee, Tim and Fielding, Roy and Masinter, Larry},
  year={2004},
  URL={http://www.rfc-editor.org/info/rfc3986}
}

@book{powers2003practical,
  title={Practical RDF: solving problems with the resource description framework},
  author={Powers, Shelley},
  year={2003},
  publisher={O'Reilly Media, Inc.}
}

@InProceedings{merono2014linked,
author="Mero{\~{n}}o-Pe{\~{n}}uela, Albert
and Hoekstra, Rinke",
editor="Janowicz, Krzysztof
and Schlobach, Stefan
and Lambrix, Patrick
and Hyv{\"o}nen, Eero",
title="What Is Linked Historical Data?",
booktitle="Knowledge Engineering and Knowledge Management",
year="2014",
publisher="Springer International Publishing",
address="Cham",
pages="282--287",
abstract="Datasets that represent historical sources are relative newcomers in the Linked Open Data (LOD) cloud. Following the standard LOD practices for publishing historical sources raises several questions: how can we distinguish between RDF graphs of primary and secondary sources? Should we treat archived and online RDF graphs differently in historical research? How do we deal with change and immutability of a triplified History? To answer these fundamental questions, we model historical primary and secondary sources using the OntoClean metaproperties and the theories of perdurance and endurance. We then use this model to give a definition of Linked Historical Data. We advocate a set of publishing practices for Linked Historical Data that preserve the ontological properties of historical sources.",
isbn="978-3-319-13704-9"
}

@book{reiche2014verfahren,
  title={Verfahren der Digital Humanities in den Geistes-und Kulturwissenschaften},
  author={Reiche, Ruth and Becker, Rainer and Bender, Michael},
  year={2014},
  publisher={Nieders{\"a}chsische Staats-und Universit{\"a}tsbibliothek G{\"o}ttingen}
}


@InProceedings{neher2011semantische,
  title={Semantische Vernetzung von Forschungsdaten},author={Neher, G{\"u}nther and Ritschel, Bernd},
  booktitle={Handbuch Forschungsdatenmanagement}, 
  editor={ Stephan B{\"u}ttner, Hans-Christoph Hobohm, Lars M{\"u}ller},
  year={2011}, 
  volume={6},
  number={1},
  pages={S.169-190},
 }
 
 @book{jannidis2017digital,
  title={Digital humanities: eine Einf{\"u}hrung},
  author={Jannidis, Fotis and Kohle, Hubertus and Rehbein, Malte},
  year={2017},
  publisher={Springer-Verlag}

}

@article{cummings2013text,
  title={The text encoding initiative and the study of literature},
  author={Cummings, James},
  journal={A Companion to Digital Literary Studies},
  year={2013},
  publisher={Wiley Online Library}
}

@book{hitzler2016ontology,
  title={Ontology Engineering with Ontology Design Patterns: Foundations and Applications},
  author={Hitzler, Pascal and Gangemi, Aldo and Janowicz, Krzysztof and Krisnadhi Adila and Presutti Valentina},
  year={2016},
  adress="Berlin",
  publisher={IOS Press}, 
  abstract="The use of ontologies for data and knowledge organization has become ubiquitous in many
data-intensive and knowledge-driven application areas, in science, industry, and the
humanities. At the same time, ontology engineering best practices continue to evolve. In
particular, modular ontology modeling based on ontology design patterns is establishing
itself as an approach for creating versatile and extendable ontologies for data management
and integration. This book is the very first comprehensive treatment of Ontology Engineering"
}

@article{bursztyn2015reformulation,
  title={Reformulation-based query answering in RDF: alternatives and performance},
  author={Bursztyn, Damian and Goasdou{\'e}, Fran{\c{c}}ois and Manolescu, Ioana},
  journal={Proceedings of the VLDB Endowment},
  volume={8},
  number={12},
  pages={S.1888--1891},
  year={2015},
  publisher={VLDB Endowment},
  url = {http://dx.doi.org/10.14778/2824032.2824093}, 
  abstract="

Answering queries over Semantic Web data, i.e., RDF graphs, must account for both explicit data and implicit data, entailed by the explicit data and the semantic constraints holding on them. Two main query answering techniques have been devised, namely Saturation-based (Sat) which precomputes and adds to the graph all implicit information, and Reformulation-based (Ref) which reformulates the query based on the graph constraints, so that evaluating the reformulated query directly against the explicit data (i.e., without considering the constraints) produces the query answer.

While Sat is well known, Ref has received less attention so far. In particular, reformulated queries often perform poorly if the query is complex. Our demonstration showcases a large set of Ref techniques, including but not limited to one we proposed recently. The audience will be able to 1: test them against different datasets, constraints and queries, as well as different well-established systems, 2: analyze and understand the performance challenges they raise, and 3: alter the scenarios to visualize the impact on performance. In particular, we show how a cost-based Ref approach allows avoiding reformulation performance pitfalls.
"
}

@article{burghardt2015informationsinfrastruktur,
  title={Informationsinfrastruktur und informationswissenschaftliche Methoden in den digitalen Geisteswissenschaften},
  author={Burghardt, Manuel and Wolff, Christian and Womser-Hacker, Christa},
  journal={Information-Wissenschaft \& Praxis},
  volume={66},
  number={5-6},
  pages={S.285--286},
  year={2015},
  publisher={De Gruyter}, 
  url=" https://doi.org/10.1515/iwp-2015-0052", 
  abstract="Das vorliegende Themenheft setzt sich mit dem Verhältnis von Informationsinfrastruktur, den Digital Humanities und der Informationswissenschaft auseinander. Anders als in weiten Teilen der Natur-, Lebens- und Ingenieurwissenschaften hat sich für die Geisteswissenschaften nicht bereits seit den 1970er Jahren eine überregionale Informationsinfrastrukturlandschaft jenseits der großen (Staats-)Bibliotheken herausbilden können.1 Mit der Digitalisierung, die alle Bereiche der Wissenschaft erfasst und nachhaltig verändert, stellt sich aber (auch) den Geisteswissenschaften die dringliche Frage, welche Dienstleistungen im Bereich der Informationsinfrastruktur benötigt werden, wer ihre Träger sein können und wie sich dabei der wissenschaftliche Prozess verändert. Die strukturellen und methodischen Herausforderungen gehen dabei weit über die traditionellen Probleme der Fachinformation im Bereich der Literaturdokumentation und -recherche hinaus und betreffen den gesamten wissenschaftlichen Arbeitsprozess und seine Kommunikationsmittel.

Die Informationswissenschaft ist prädestiniert dafür, in diesem Spannungsfeld eine tragende Rolle zu übernehmen, da sie seit ihrer Entstehung als Wissenschaft der Fachinformation bzw. der Informationsinfrastrukturen mit (allen) anderen Disziplinen zusammenarbeitet. Gleichzeitig versteht sie sich als diejenige Disziplin, die sich informationellen Prozessen und damit allen Aspekten im Umfeld von Informationsinfrastrukturen widmet. Dass sie dabei teilweise in Konkurrenz mit anderen Disziplinen wie den Digital Humanities – also den digitalen Geisteswissenschaften als Fach bzw. Disziplin – oder auch der Informatik steht, vermag nicht zu überraschen und hat bereits zu einer Vielzahl noch andauernder Abgrenzungsdebatten geführt.

Die nachfolgenden Artikel beleuchten die Beziehung zwischen Informationswissenschaft und Digital Humanities und gehen dabei sowohl auf Aspekte der Informationsinfrastruktur als auch auf methodische Schnittstellen zwischen diesen Bereichen ein:

Manuel Burghardt, Christian Wolff und Christa Womser-Hacker diskutieren einleitend das Verhältnis zwischen Informationswissenschaft und Digital Humanities. Dabei wird deutlich, dass sich beide Disziplinen nur unscharf definieren lassen, sich anhand der jeweiligen fachlichen Profile aber viele Anknüpfungspunkte und Parallelen zwischen Informationswissenschaft und digitalen Geisteswissenschaften auftun. Weiterhin geht der Artikel auf typische informationswissenschaftliche Forschungsbereiche ein und zeigt auf, welche fachlichen und methodischen Angebote sich daraus für die Geisteswissenschaften ergeben.

Es folgt ein thematischer Block mit drei Beiträgen, welche die Informations- und Forschungsinfrastruktur in den Digital Humanities näher beschreiben. Den Anfang machen Gerhard Heyer, Thomas Eckart und Dirk Goldhahn, die am Beispiel der Initiative CLARIN (Common Language Resources and Technology Infrastructure) die Potenziale von IT-basierten Forschungsinfrastrukturen für die Geistes- und Sozialwissenschaften aufzeigen. Dabei wird für einen konkreten Anwendungsfall illustriert, wie mithilfe der CLARIN-Infrastruktur Ressourcen gefunden, aufbereitet, analysiert und die Ergebnisse visualisiert werden können.

Mirjam Blümm, Stefan E. Funk und Sibylle Söring stellen mit DARIAH-DE (Digital Research Infrastructure for the Arts and Humanities) eine weitere Forschungsinfrastruktur für die Geisteswissenschaften vor. Der Beitrag geht zudem auf die virtuelle Forschungsumgebung TextGrid ein, die verschiedene Tools und Dienste für den gesamten geisteswissenschaftlichen Forschungsprozess sowie auch ein digitales Langzeitarchiv für digitale Texte und Quellen bereitstellt.

Schließlich präsentieren Manuel Burghardt und Christian Wolff in Zusammenarbeit mit den Ansprechpartnern des TCDH (Trier Center for Digital Humanities), des CCeH (Cologne Center for eHumanities) und des GCDH (Göttingen Centre for Digital Humanities) einen Überblick zum Leistungsspektrum der Zentren für Digital Humanities in Deutschland. Der Überblick bezieht sich im Wesentlichen auf die Bereiche „Struktur und Genese“, „Profil, Aufgaben und Dienste“, „Nutzer, Vernetzung und Projekte“ sowie„Ausblick und Strategie“.

Ein weiterer thematischer Block, bestehend aus drei Einzelbeiträgen, beschreibt Methoden und Projekte aus der Informationswissenschaft und Computerlinguistik, die konkrete Bezüge zu den Digital Humanities aufweisen. Den Anfang macht hier Anke Reinhold, die in ihrem Artikel die grundlegende informationswissenschaftliche Methode des Experteninterviews thematisiert. Sie erläutert dabei zunächst die Methode an sich und gibt darüber hinaus praktische Handlungsanweisungen zur Durchführung von Experteninterviews. Schließlich wird die Bedeutung der empirisch-qualitativen Datenanalyse für die Wissensmodellierung in den Digital Humanities diskutiert.

Ben Heuwing und Christa Womser-Hacker zeigen in ihrem Beitrag auf, wie informationswissenschaftliche Ansätze für die domänenspezifische, nutzerzentrierte Bedarfsanalyse in den Digital Humanities eingesetzt werden können. Dabei werden konkrete Erfahrungen aus dem laufenden Projekt „Welt der Kinder“ beschrieben, in dem ein interdisziplinäres Team aus Historikern, Computerlinguisten und Informationswissenschaftlern innovative Methoden entwickelt und evaluiert, mit denen ein großes historisches Schulbuchkorpus mit Mitteln der automatischen Textanalyse vergleichend ausgewertet wird.

Abschließend präsentieren Fritz Kliche und Ulrich Heid ein computerlinguistisches Tool für den einfachen und transparenten Zugang zur sprachtechnologischen Arbeit mit Textdaten. Die „Explorationswerkbank“, die im Rahmen des Verbundprojekts e-Identity für die politikwissenschaftliche Analyse unterschiedlicher Identitätskonzepte entwickelt wurde, ermöglicht u. a. die Segmentierung von Texten in strukturelle Einheiten sowie auch die Extraktion von konkreten Textobjekten. Die Autoren erläutern in ihrem Beitrag die wesentlichen Konzepte für einen einfachen Zugang und illustrieren potenzielle Anwendungsbereiche des Tools anhand von drei Fallbeispielen"
}

@article{neuroth2016nachhaltigkeit,
  title={Nachhaltigkeit von digitalen Forschungsinfrastrukturen},
  author={Neuroth, Heike and Rapp, Andrea},
  journal={BIBLIOTHEK Forschung und Praxis},
  volume={40},
  number={2},
  pages={S.264--270},
  year={2016},
  publisher={De Gruyter}, 
  url="https://doi.org/10.1515/bfp-2016-0022. ",
  abstract="DARIAH-DE as a research infrastructure is entering the next important phase. After the preparatory phase, followed by the construction DARIAH-DE is now preparing the operational phase which has to guarantee on the one hand the stability of all services and tools of this digital research infrastructure and on the other hand a dynamic as well as flexible development based on user needs from the scholarly, information science and IT-expert communities. The challenge is now to find the right balance between trust as well as stability and community-driven expansion and development. This article introduces in different aspects of sustainability of research infrastructures."
}

@article{cremer2018chimare,
  title={Der Chim{\"a}re auf der Spur: Forschungsdaten in den Geisteswissenschaften. o-bib, 5 (2), 142--162},
  author={Cremer, F and Klaffki, L and Steyer, T},
  year={2018}, 
  journal=" o-bib. Das offene Bibliotheksjournal",
  url="https://doi.org/10.5282/o-bib/2018H2S142-162", abstract="Research data is getting more and more important in the humanities and cultural studies and now plays an important role in the research process. But contradictions and misunderstandings are also part of this development. The concept of research data comes from the sciences, and can only be transferred to the traditional scholarly methods of the humanities to a limited degree. Based on the specifics of research data in the humanities, the article deals with the tensions between relevance and familiarity among the researchers as well as between the conception and implementation in the research process."
}

@article{andorfer2015forschungsdaten,
  title={Forschungsdaten in den (digitalen) Geisteswissenschaften},
  author={Andorfer, Peter},
  journal={Versuch einer Konkretisierung.(DARIAH-DE Working Papers 14)},
  year={2015}, 
  url="http://webdoc.sub.gwdg.de/pub/mon/dariah-de/dwp-2015-14.pdf"
}


@INPROCEEDINGS{bursztyn2015reasoning,
author={D. Bursztyn and F. Goasdoué and I. Manolescu and A. Roatiş},
booktitle={2015 IEEE 31st International Conference on Data Engineering},
title={Reasoning on web data: Algorithms and performance},
year={2015},
volume={},
number={},
pages={S.1541-1544},
keywords={knowledge representation;ontologies (artificial intelligence);query processing;semantic Web;semantic Web;knowledge representation communities;data management;efficient RDF query evaluation;ontological schemas;semantic constraints;Resource description framework;Cognition;Semantics;Tutorials;Query processing},
doi={10.1109/ICDE.2015.7113422},
month={April},}

@article{llanes2017records,
author = {Dunia Llanes-Padrón and Juan-Antonio Pastor-Sánchez},
title = {Records in contexts: the road of archives to semantic interoperability},
journal = {Program},
volume = {51},
number = {4},
pages = {387-405},
year = {2017},
doi = {10.1108/PROG-03-2017-0021},
URL = {https://doi.org/10.1108/PROG-03-2017-0021},
abstract = { Purpose The purpose of this paper is to examine the Records in Contexts proposal of a conceptual model (RiC-CM) from the International Council on Archives’ (ICA) archival description and to propose an OWL ontology for its implementation in the semantic web. Design/methodology/approach The various elements of the model are studied and are related to earlier norms in order to understand their structure and the modeling of the ontology. Findings The analysis reveals the integrating nature of RiC-CM and the possibilities it offers for greater interoperability of data from archival descriptions. Two versions of an OWL ontology were developed to represent the conceptual model. The first makes a direct transposition of the conceptual model; the second optimizes the properties and relations in order to simplify the use and maintenance of the ontology. Research limitations/implications The proposed ontology will follow the considerations of the final version of the ICA’s RiC-CM. Practical implications The analysis affords an understanding of the role of RiC-CM in publishing online archival data sets, while the ontology is an initial approach to the semantic web technologies involved. Originality/value This paper offers an overview of Records in Contexts with respect to the advantages in the field of semantic interoperability, and supposes the first proposal of an ontology based on the conceptual model. }
}



@InProceedings{oldman2018reshaping,
author="Oldman, Dominic
and Tanase, Diana",
editor="Vrande{\v{c}}i{\'{c}}, Denny
and Bontcheva, Kalina
and Su{\'a}rez-Figueroa, Mari Carmen
and Presutti, Valentina
and Celino, Irene
and Sabou, Marta
and Kaffee, Lucie-Aim{\'e}e
and Simperl, Elena",
title="Reshaping the Knowledge Graph by Connecting Researchers, Data and Practices in ResearchSpace",
booktitle="The Semantic Web -- ISWC 2018",
year="2018",
publisher="Springer",
address="Cham",
pages="325--340",
abstract="ResearchSpace is an open source platform designed at the British Museum to help establish a community of researchers, where their underlying activities are framed by data sharing, active engagement in formal arguments, and semantic publishing. Using Semantic Web languages and technologies, the innovations of the system are shaped by a social conceptualisation of the graph-based representation of information. This is employed by integrated semantic components aimed at subject experts that offer mechanisms to create, annotate, assert, argue, search, cite, and justify data-driven research. This paper showcases a new onto-epistemological approach that supports researchers to contribute to a growing and sustainable corpus of knowledge that has history, not just provenance, built-in. It describes our considerations in designing for interdisciplinary collaboration, usability and trust in the digital space, highlighted by use cases in archaeology, art history, and history of science."
}


@article{swartz2013aaron,
  title={Aaron Swartz's A Programmable Web: An Unfinished Work},
  author={Swartz, Aaron},
  journal={Synthesis lectures on the semantic web: Theory and Technology},
  volume={3},
  number={2},
  pages={S.1--64},
  year={2013},
  publisher={Morgan \& Claypool Publishers}
}

@article{musen2015protege,
 author = {Musen, Mark A.},
 title = {The Prot\'{E}G\'{E} Project: A Look Back and a Look Forward},
 journal = {AI Matters},
 issue_date = {June 2015},
 volume = {1},
 number = {4},
 year = {2015},
 pages = {4--12},
 url = {http://doi.acm.org/10.1145/2757001.2757003},
 publisher = {ACM},
 address = {New York}
} 


@book{linckels2011librarian,
  title={E-librarian service: user-friendly semantic search in digital libraries},
  author={Linckels, Serge and Meinel, Christoph},
  year={2011},
  publisher={Springer}
}


@book{stuckenschmidt2009ontologien,
  title={Ontologien: Konzepte, Technologien und Anwendungen},
  author={Stuckenschmidt, Heiner},
  year={2009},
  publisher={Springer}
}


@book{reichenberger2010grundlagen,
  title={Kompendium semantische Netze: Konzepte, Technologie, Modellierung},
  author={Reichenberger, Klaus},
  year={2010},
  publisher={Springer}
}

@inproceedings{hoekstra2009ontology,
 author = {Hoekstra, Rinke},
 title = {Ontology RepresentationDesign Patterns and Ontologies That Make Sense},
 booktitle = {Proceedings of the 2009 Conference on Ontology Representation: Design Patterns and Ontologies That Make Sense},
 year = {2009},
 pages = {1--236},
 url = {http://dl.acm.org/citation.cfm?id=1659447.1659449},
 publisher = {IOS Press},
 address = {Amsterdam}
} 



@phdthesis{borst1997construction,
title = "Construction of Engineering Ontologies for Knowledge Sharing and Reuse",
abstract = "This thesis describes an investigation into the practical use of ontologies for the development of information systems. Ontologies are formal descriptions of shared knowledge in a domain. An ontology can be used as a specification of an information system because it specifies the knowledge that is required for the tasks the information system has to perform. Sharing and reuse of ontologies across different domains and applications can therefore improve information systems design. Ontologies have been a subject for a lot of research carried out in the artificial intelligence community. Although many ontologies have been developed, they fail to demonstrate that ontologies for large and complex domains can be developed that can be used and reused across different applications. There are three reasons for this: (i) many ontologies have not been used to develop a real-life application, (ii) many ontologies have not been reused for different applications in different domains and (iii)many ontologies are merely taxonomies of domain concepts and fail to capture meta-level and tacit background knowledge. As a result, the question whether ontologies can be used and reused for different real-life applications remains open. The aim of our research has therefore been to find the answer to this question.",
author = "Borst, {Willem Nico} and W.N. Borst",
year = "1997",
publisher = "Centre for Telematics and Information Technology",
address = {Netherlands}
}


@article{gruber1993translation,
title = "A translation approach to portable ontology specifications",
journal = "Knowledge Acquisition",
volume = "5",
number = "2",
pages = "199 - 220",
year = "1993",
doi = "https://doi.org/10.1006/knac.1993.1008",
url = "http://www.sciencedirect.com/science/article/pii/S1042814383710083",
author = "Thomas R. Gruber",
abstract = {To support the sharing and reuse of formally represented knowledge among AI systems, it is useful to define the common vocabulary in which shared knowledge is represented. A specification of a representational vocabulary for a shared domain of discourse—definitions of classes, relations, functions, and other objects—is called an ontology. This paper describes a mechanism for defining ontologies that are portable over representation systems. Definitions written in a standard format for predicate calculus are translated by a system called Ontolingua into specialized representations, including frame-based systems as well as relational languages. This allows researchers to share and reuse ontologies, while retaining the computational benefits of specialized implementations. We discuss how the translation approach to portability addresses several technical problems. One problem is how to accommodate the stylistic and organizational differences among representations while preserving declarative content. Another is how to translate from a very expressive language into restricted languages, remaining system-independent while preserving the computational efficiency of implemented systems. We describe how these problems are addressed by basing Ontolingua itself on an ontology of domain-independent, representational idioms}
}


@book{favre2001information,
  title={Information und Zusammenhang: Informationsflu{\ss} in Prozessen der Wahrnehmung, des Denkens und der Kommunikation},
  author={Favre-Bulle, Bernard},
  year={2001},
  publisher={Springer}
}

@article{thaller2017ungefahre,
  title={Ungef{\"a}hre Exaktheit. Theoretische Grundlagen und praktische M{\"o}glichkeiten einer Formulierung historischer Quellen als Produkte 'unscharfer' Systeme [1984]},
  author={Thaller, Manfred},
  journal={Historical Social Research/Historische Sozialforschung. Supplement},
  pages={S.138--159},
  year={2017},
  publisher={GESIS}, 
  abstract="The distrust many historians show when confronted with the results of quantitative studies is partially related to the experience, that many decisions which go into the preparation of historical sources for quantitative analysis are much more definite and final than the many uncertainties surrounding the meaning of terminology and statements in such sources actually justify. This is correct, but it is directed at the current stage of statistical studies, not at the nature of quantitative or formal reasoning as such. Fuzzy logic and fuzzy systems provide approaches, which could be harnessed to adapt statistical reasoning to the inherent uncertainties of historical data. The paper outlines the way in which this could be implemented with the help of examples drawn from the applications of statistics to social history."
}

@article{sure2003methodology,
  title={Methodology, tools \& case studies for ontology based knowledge management},
  author={Sure, York and Studer, Rudi},
  year={2003},
  publisher={Citeseer}
}

@article{berners2001semantic,
  title={The semantic web},
  author={Berners-Lee, Tim and Hendler, James and Lassila, Ora},
  journal={Scientific American},
  volume={284},
  number={5},
  pages={S.34--43},
  year={2001},
  publisher={JSTOR}
}

@article{pellegrini2006semantic,
  title={Semantic Web},
  author={Pellegrini, Tassilo and Blumauer, Andreas},
  journal={Wege zur vernetzten Wissensgesellschaft. Berlin [ua] Springer},
  year={2006},
  publisher={Springer}
}

@book{hitzler2007semantic,
  title={Semantic Web: Grundlagen},
  author={Hitzler, Pascal and Kr{\"o}tzsch, Markus and Rudolph, Sebastian and Sure, York},
  year={2007},
  publisher={Springer-Verlag}
}

@InProceedings{rietveld2015linked,
author="Rietveld, Laurens
and Verborgh, Ruben
and Beek, Wouter
and Vander Sande, Miel
and Schlobach, Stefan",
editor="Gandon, Fabien
and Sabou, Marta
and Sack, Harald
and d'Amato, Claudia
and Cudr{\'e}-Mauroux, Philippe
and Zimmermann, Antoine",
title="Linked Data-as-a-Service: The Semantic Web Redeployed",
booktitle="The Semantic Web. Latest Advances and New Domains",
year="2015",
publisher="Springer International Publishing",
address="Cham",
pages="471--487",
abstract="Ad-hoc querying is crucial to access information from Linked Data, yet publishing queryable RDF datasets on the Web is not a trivial exercise. The most compelling argument to support this claim is that the Web contains hundreds of thousands of data documents, while only 260 queryable SPARQL endpoints are provided. Even worse, the SPARQL endpoints we do have are often unstable, may not comply with the standards, and may differ in supported features. In other words, hosting data online is easy, but publishing Linked Data via a queryable API such as SPARQL appears to be too difficult. As a consequence, in practice, there is no single uniform way to query the LOD Cloud today. In this paper, we therefore combine a large-scale Linked Data publication project (LOD Laundromat) with a low-cost server-side interface (Triple Pattern Fragments), in order to bridge the gap between the Web of downloadable data documents and the Web of live queryable data. The result is a repeatable, low-cost, open-source data publication process. To demonstrate its applicability, we made over 650,000 data documents available as data APIs, consisting of 30 billion  triples."
}

@inproceedings{hiltman2018forschungsdaten,
  title={Forschungsdaten in der (digitalen) Geschichtswissenschaft. Warum sie wichtig sind und wir gemeinsame Standards brauchen},
  author={Hiltmann, Torsten},
  journal={Digitale Geschichtswissenschaft},
  year={2018},
  URL={https://digigw.hypotheses.org/2622}
}

@book{jannidis2017digital,
  title={Digital humanities: eine Einf{\"u}hrung},
  author={Jannidis, Fotis and Kohle, Hubertus and Rehbein, Malte},
  year={2017},
  publisher={Springer-Verlag}
}

@article{stachowiak1973allgemeine,
  title={Allgemeine Modelltheorie},
  author={Stachowiak, Herbert},
  year={1973},
  publisher={Wien}
}

@article{thaller2017need,
  title={The Need for Standards: Data Modelling and Exchange [1991]},
  author={Thaller, Manfred},
  journal={Historical Social Research/Historische Sozialforschung. Supplement},
  pages={S.203--220},
  year={2017},
  publisher={JSTOR}
}


@book{kobler2010qualitat,
  title={Qualit{\"a}t von Prozessmodellen: Kennzahlen zur analytischen Qualit{\"a}tssicherung bei der Prozessmodellierung},
  author={Kobler, Maximilian},
  year={2010},
  publisher={Logos Verlag Berlin GmbH}
}

@article{schreiber2014rdf,
  title={RDF 1.1 Primer},
  author={Schreiber, Guus and Raimond, Yves},
  journal={W3C working group note},
  year={2014},
  publisher={World-Wide Web Consortium}
}

@article{engel2003extensible,
  title={Extensible Business Reporting Language (XBRL) 2.1},
  author={Engel, Phillip and Hamscher, Walter and Advantage, Standard and Shuetrim, Geoffrey and vun Kannon, David and Pryde, Campbell},
  journal={XBRL International},
  year={2003}
}

@techreport{berners2004uniform,
  title={Uniform resource identifier (URI): Generic syntax},
  author={Berners-Lee, Tim and Fielding, Roy and Masinter, Larry},
  year={2004},
  URL={http://www.rfc-editor.org/info/rfc3986}
}

@article{tomasekmedea,
  title={Modeling semantically Enhanced Digital Edition of Accounts as Historical Method},
  year={2016},
  author={Clifford, Anderson and Eide, Oyvind and Orlowska, Anna and Pindl, Katrin and Tomasek, Kathryn and Vogeler, Georg}, 
  publisher={Digital Humanities Conference 2016 Kraków}
}

@book{powers2003practical,
  title={Practical RDF: solving problems with the resource description framework},
  author={Powers, Shelley},
  year={2003},
  publisher={" O'Reilly Media, Inc."}
}


@article{berners2001semantic,
  title={The semantic web},
  author={Berners-Lee, Tim and Hendler, James and Lassila, Ora and others},
  journal={Scientific american},
  volume={284},
  number={5},
  pages={S.28--37},
  year={2001},
  publisher={New York, NY, USA:}
}


@article{cardoso2007semantic,
  title={The semantic web vision: Where are we?},
  author={Cardoso, Jorge},
  journal={IEEE Intelligent systems},
  volume={22},
  number={5},
  year={2007},
  pages={S.84-88}, 
  publisher={IEEE},
  doi={10.1109/MIS.2007.4338499}, 
  abstract={Semantic Web developers have adopted OWL to represent knowledge. OWL, or a language with similar theoretical foundations, will lead the way in the semantic exploration of the Web. Currently, Web-based standards are the preferred way to represent knowledge. Furthermore, respondents mainly use ontologies to allow both humans and computers to understand knowledge and domain models. Web 3.0 can bring a new breed of spectacular applications compared to Web 2.0. with the same magnitude that separates Web 2.0 from Web 1.0.}
}

@article{bernstein2016new,
 author = {Bernstein, Abraham and Hendler, James and Noy, Natalya},
 title = {A New Look at the Semantic Web},
 journal = {Commun. ACM},
 volume = {59},
 number = {9},
 year = {2016},
 pages = {35--37},
 url = {http://doi.acm.org/10.1145/2890489},
 doi = {10.1145/2890489},
 publisher = {ACM},
 address = {New York},
 abstract={From the very early days of the World Wide Web, researchers identified a need to be able to understand the semantics of the information on the Web in order to enable intelligent systems to do a better job of processing the booming Web of documents. Early proposals included labeling different kinds of links to differentiate, for example, pages describing people from those describing projects, events, and so on. By the late 1990s, this effort had led to a broad area of computer science research that became known as the Semantic Web.1 In the past decade and a half, the early promise of enabling software agents on the Web to talk to one another in a meaningful way inspired advances in a multitude of areas: defining languages and standardsa to describe and query the semantics of resources on the Web; developing tractable and efficient ways to reason with these representations and to query them efficiently; understanding patterns in describing knowledge; and defining ontologies that describe Web data to allow greater interoperability.}
} 


@BOOK{baezayates2011retrieval,
author = {Baeza-Yates, Ricardo and Ribeiro, Berthier de Araújo Neto},
title = {Modern Information Retrieval},
edition = {2},
year = {2011},
publisher = {Pearson Education}
}


@article{klapp2011rechnung,
  title={Die “Äbtissinnenrechnungen” des Klosters St. Klara auf dem Werth. Alltag und Festtag einer geistlichen Frauengemeinschaft Straßburgs am Ausgang des Mittelalters},
  author={Klapp, Sabine},
  journal={Zeitschrift für die Geschichte des Oberrheins Bd. 159}
  pages={211--248}
  year={2011}
}


@article{bruch2015daten,
  title={Die Kunst, Daten in Informationen umzuwandeln. Zur Auswertung eines zisterziensischen Rechnungsbuchs aus dem 13. und 14. Jahrhundert und den Herausforderungen in der Analyse serieller Wirtschaftsquellen},
  author={Bruch, Julia},
  journal={Wirtschafts- und Rechnungsbücher des Mittelalters und  der Frühen Neuzeit},
  editor={Gleba, Gudrun and Petersen, Niels}
  pages={13--44}
  year={2015}
}

 



@inproceedings{beretta2017dataforhistory,
  title={The dataforhistory. org project: a proposal},
  author={Beretta, Francesco and Bruseker, George},
  booktitle={Workshop on the creation of an international Data for History consortium},
  year={2017}
}

@article{bauer2011linked,
  title={Linked open data: The essentials},
  author={Bauer, Florian and Kaltenb{\"o}ck, Martin},
  journal={Edition mono/monochrom},
  address={Vienna},
  year={2011}
}

@thesis{pollin2017suchen,
title = {Vom Suchen, Stöbern und Finden : Information Retrieval am Beispiel der Digitalen Sammlung des Hans Gross Kriminalmuseums},
 year={2017},
 author={Pollin, Christopher},
 publisher = {Graz}
}

@article{kindling2013forschungsdatenmanagement,
  title={Forschungsdatenmanagement an Hochschulen: Das Beispiel der Humboldt-Universit{\"a}t zu Berlin},
  author={Kindling, Maxi and Schirmbacher, Peter and Simukovic, Elena and others},
  journal={LIBREAS. Library Ideas},
  number={23},
  url={https://libreas.eu/ausgabe23/07kindling},
  year={2013}
}


@book{andorfer2015forschungsdaten,
  title={Forschungsdaten in den (digitalen) Geisteswissenschaften: Versuch einer Konkretisierung},
  author={Andorfer, Peter},
  year={2015},
  publisher={DARIAH-DE}
}


@book{wersig1971information,
  title={Information-Komunikation-Dokumentation},
  author={Wersig, Gernot},
  volume={5},
  year={1971},
  publisher={Verlag Dokumentation}
}


@article{stigler2018gams,
  title={GAMS--Eine Infrastruktur zur Langzeitarchivierung und Publikation geisteswissenschaftlicher Forschungsdaten},
  author={Stigler, Johannes and Steiner, Elisabeth},
  journal={Mitteilungen der Vereinigung {\"O}sterreichischer Bibliothekarinnen und Bibliothekare},
  volume={71},
  number={1},
  pages={S.207--216},
  year={2018}
}

@book{neuroth2012langzeit,
    author={Neuroth, Heike and Strathmann, Stefan and O{\ss}wald, Achim and Klump, Jens and Ludwig, Jens},
  title = "Langzeitarchivierung von Forschungsdaten. Eine Bestandsaufnahme",
  publisher = "Hülsbusch",
  year = "2012"
}

@article{wettlaufer2015semantic,
  title={Semantic Blumenbach: Exploration of Text--Object Relationships with Semantic Web Technology in the History of Science},
  author={Wettlaufer, J{\"o}rg and Johnson, Christopher and Scholz, Martin and Fichtner, Mark and Thotempudi, Sree Ganesh},
  journal={Digital Scholarship in the Humanities},
  volume={30},
  number={1},
  pages={S.187--198},
  year={2015},
  publisher={Oxford University Press}
}

@incollection{thaller1989need,
  title={The Need of a Theory of Historical Computing},
  author={Thaller, Manfred},
  booktitle={History and computing II},
  editor ={Denley, Peter and Fogelvik, Stefan},
  volume={2},
  number={7},
  publisher={Manchester},
  year={1989},
  pages = {2-12}
}

@incollection{SAHLE_Begriff,
  author = "Patrick SAHLE", 
  title = " Digitales Archiv - Digitale Edition, Anmerkungen zur Begriffsklärung",
  editor = "Michael Stolz and Lucas Marco Gisi and Jan Loop",
  booktitle = "Literatur und Literaturwissenschaft auf dem Weg zu den neuen Medien",
  address   = "Bern",
  YEAR = "2005",
  pages = "64-85",
}

@incollection{NESTOR,
  author = "Hans LIEGMANN and Heike NEUROTH", 
  title = "Einführung",
  booktitle =  "nestor Handbuch. Eine Enzyklopädie der digitalen Langzeitarchivierung",
  address     = "Göttingen",
  YEAR = "2010",
  pages = "19-29"
}

@inproceedings{vallet2010personalizing,
  title={Personalizing web search with folksonomy-based user and document profiles},
  author={Vallet, David and Cantador, Iv{\'a}n and Jose, Joemon M},
  booktitle={European conference on information retrieval},
  pages={S.420--431},
  year={2010},
  organization={Springer}
}

@article{Clarke2014semanticenrichment,
    author  = {Clarke, Michael and Harley, Pam},
    title   = {How Smart Is Your Content? Using Semantic
Enrichment to Improve Your User Experience
and Your Bottom Line},
    journal = {Science Editor},
    volume  = {37},
    year    = {2014},
    pages   = {40-44}
 }

@inproceedings{vogeler2015mittelalterliche,
  title={Warum werden mittelalterliche und frühneuzeitliche Rechnungsbücher eigentlich nicht digital ediert?},
  author={Vogeler, Georg},
  booktitle ={Grenzen und M{\"o}glichkeiten der Digital Humanities},
  editor={Baum, Constanze and Stäcker, Thomas},
 URL={http://www.zfdg.de/sb001_007},
  year={2015}
}

@incollection{jannidis2017grundlagen,
  title={Grundlagen der Datenmodellierung},
  author={Jannidis, Fotis},
  booktitle={Digital Humanities},
  pages={99--108},
  year={2017},
  publisher={Springer}
}


@incollection{vogeler2016content,
  title={The Content of Accounts and Registers in their Digital Edition. XML/TEI, Spreadsheets, and Semantic Web Technologies},
  author={Vogeler, Georg and Jahnke, Carsten and Gleba, Gudrun and Cordes, Albrecht and Franzke, Cordula A and Laczny, Joachim and W{\"u}rz, Simone},
  year={2016},
booktitle ={Konzeptionelle Überlegungen zur Edition von Rechnungen und Amtsbüchern des späten Mittelalters},
editor={Jürgen Sarnowsky},
address={Göttingen},
pages={S.13-41}
}

@book{sahle2013digitale,
  title={Digitale Editionsformen: Textbegriffe und Recodierung},
  author={Sahle, Patrick},
  volume={3},
  year={2013},
  publisher={Books on Demand}
}

@book{buttcher2016information,
  title={Information retrieval: Implementing and evaluating search engines},
  author={B{\"u}ttcher, Stefan and Clarke, Charles LA and Cormack, Gordon V},
  year={2016},
  publisher={Mit Press}
}

@book{shneiderman2016designing,
  title={Designing the user interface: strategies for effective human-computer interaction},
  author={Shneiderman, Ben and Plaisant, Catherine and Cohen, Maxine and Jacobs, Steven and Elmqvist, Niklas and Diakopoulos, Nicholas},
  year={2016},
  publisher={Pearson}
}

@book{baader2017introduction,
  title={Introduction to Description Logic},
  author={Baader, Franz and Horrocks, Ian and Lutz, Carsten and Sattler, Uli},
  year={2017},
  publisher={Cambridge University Press}
}

@article{omerovic2001concepts,
  title={Concepts, Ontologies, and Knowledge Representation},
  author={Omerovic, Sanida and MILUTINOVIC, VELJKO and TOMAZIC, SASO},
  year={2001}
}

@incollection{thaller2017digital,
  title={Digital Humanities als Wissenschaft},
  author={Thaller, Manfred},
  booktitle={Digital Humanities},
  pages={S.13--18},
  year={2017},
  publisher={Springer}
}

@book{sicilia2013handbook,
  title={Handbook of metadata, semantics and ontologies},
  author={Sicilia, Miguel-Angel},
  year={2013},
  publisher={World Scientific}
}

@article{latour2016zirkulierende,
  title={Zirkulierende Referenz. Bodenstichproben aus dem Urwald am Amazonas},
  author={Latour, Bruno},
  year={2016}
}

@incollection{bizer2011linked,
  title={Linked data: The story so far},
  author={Bizer, Christian and Heath, Tom and Berners-Lee, Tim},
  booktitle={Semantic services, interoperability and web applications: emerging concepts},
  editors={Heath, T. and Hepp, M. and Bizer},
  pages={S.205--227},
  year={2011}
}

@book{preim2010interaktive,
  title={Interaktive systeme: Band 1: Grundlagen, Graphical User Interfaces, Informationsvisualisierung},
  author={Preim, Bernhard and Dachselt, Raimund},
  year={2010},
  edition={2. Auflage},
  publisher={Berlin / Heidelberg}
}


@incollection{hsozkult2014closereading,
  title={Tagungsbericht: HT 2014: Close Reading and Distant Reading. Methoden der Altertumswissenschaften in der Gegenwart},
  author={Schubert, Charlotte},
  booktitle={H-Soz-Kult},
  year={2014},
  publisher={Göttingen},
  url={www.hsozkult.de/conferencereport/id/tagungsberichte-5625}
}

